<record><leader>00000cas a22000007a 4500</leader><controlfield tag="001">24600018</controlfield><controlfield tag="008">911022d18961897ncuwr ne      0    0eng d</controlfield><datafield ind1=" " ind2=" " tag="010"><subfield code="a">sn 91068406 </subfield></datafield><datafield ind1=" " ind2=" " tag="040"><subfield code="a">NVJ</subfield><subfield code="b">eng</subfield><subfield code="c">NVJ</subfield><subfield code="d">OCLCQ</subfield></datafield><datafield ind1=" " ind2=" " tag="042"><subfield code="a">msc</subfield></datafield><datafield ind1="0" ind2="4" tag="245"><subfield code="a">The Hickory times.</subfield></datafield><datafield ind1=" " ind2=" " tag="260"><subfield code="a">Hickory, N.C. :</subfield><subfield code="b">J.E. Whichard</subfield></datafield><datafield ind1=" " ind2=" " tag="300"><subfield code="a">v.</subfield></datafield><datafield ind1=" " ind2=" " tag="310"><subfield code="a">Weekly</subfield></datafield><datafield ind1="1" ind2=" " tag="362"><subfield code="a">Began in 1896; ceased in Dec. 1897.</subfield></datafield><datafield ind1=" " ind2=" " tag="588"><subfield code="a">Description based on: Vol. 1, no. 9 (Oct. 22, 1896).</subfield></datafield><datafield ind1=" " ind2=" " tag="752"><subfield code="a">United States</subfield><subfield code="b">North Carolina</subfield><subfield code="c">Catawba</subfield><subfield code="d">Hickory.</subfield></datafield><datafield ind1="0" ind2="7" tag="785"><subfield code="t">Hickory mercury</subfield><subfield code="w">(DLC)sn 91068405</subfield></datafield><datafield ind1="0" ind2="7" tag="785"><subfield code="t">Times-mercury</subfield><subfield code="w">(DLC)sn 91068407</subfield></datafield></record>